@misc{das2022understanding,
      title={Understanding Security Issues in the NFT Ecosystem}, 
      author={Dipanjan Das and Priyanka Bose and Nicola Ruaro and Christopher Kruegel and Giovanni Vigna},
      year={2022},
      eprint={2111.08893},
      archivePrefix={arXiv},
      primaryClass={cs.CR}
}

@article{nadini2021mapping,
  title={Mapping the NFT revolution: market trends, trade networks, and visual features},
  author={Nadini, Matthieu and Alessandretti, Laura and Di Giacinto, Flavio and Martino, Mauro and Aiello, Luca Maria and Baronchelli, Andrea},
  journal={Scientific reports},
  volume={11},
  number={1},
  pages={1--11},
  year={2021},
  publisher={Nature Publishing Group}
}

 @misc{tumblr_team_2022, title={Report preview: The 2021 NFT market explained [updated 1/13/22]}, url={https://blog.chainalysis.com/reports/nft-market-report-preview-2021}, journal={Chainalysis}, author={Tumblr, Author				Chainalysis Team and Team, Author				Chainalysis}, year={2022}, month={Jan}} 
 
 @misc{isak_2021, title={NFTs: Putting the control back in the hands of content creators}, url={https://techacute.com/nft-content-creators/}, journal={TechAcute}, author={Isak, Christopher}, year={2021}, month={Dec}} 
  
 @misc{colormatics, title={NFT audience insights: Who's buying nfts and why?}, url={https://www.colormatics.com/article/nft-audience-insights-whos-buying-nfts-and-why/#:~:text=Civicscience\%20conducted\%20a\%20survey\%20in,respondents\%20are\%20interested\%20in\%20NFTs}, journal={Colormatics}, year={2021}} 
 
 
  @misc{Bull_Bear, title={On the Market Efficiency and Liquidity of High-Frequency Cryptocurrencies in a Bull and Bear Market}, url={https://www.semanticscholar.org/paper/On-the-Market-Efficiency-and-Liquidity-of-in-a-Bull-Zhang-Chan/1e0d682526ec8ab0ea936abfdb332797fea7e63a}, author={Yuanyuan Zhang, Stephen Chan}, year={2020}, month={Jan}}
  
@misc{how2makenfts,
  title={How to Make an NFT?}, 
  author={Matthew DiLallo},
  year={2022},
  journal={The Motley Fool},
  url={https://www.fool.com/investing/stock-market/market-sectors/financials/non-fungible-tokens/how-to-make-an-nft/},
  note="Online, accessed 25-February-2022"
}