@article{nadini2021mapping,
  title={Mapping the NFT revolution: market trends, trade networks, and visual features},
  author={Nadini, Matthieu and Alessandretti, Laura and Di Giacinto, Flavio and Martino, Mauro and Aiello, Luca Maria and Baronchelli, Andrea},
  journal={Scientific reports},
  volume={11},
  number={1},
  pages={1--11},
  year={2021},
  publisher={Nature Publishing Group}
}

@article{goodfellow2014,
  title={Generative Adversarial Nets},
  author={Goodfellow, Ian and Pouget-Abadie, Jean and Mirza, Mehdi and Xu, Bing},
  year={2014}
}